<?xml version="1.0" encoding="UTF-8"?><record xmlns="http://www.loc.gov/MARC21/slim" xmlns:cinclude="http://apache.org/cocoon/include/1.0" xmlns:zs="http://www.loc.gov/zing/srw/">
  <leader>00472nz  a2200133n  4500</leader>
  <controlfield tag="001">no2012148751</controlfield>
  <controlfield tag="003">DLC</controlfield>
  <controlfield tag="005">20121122075234.0</controlfield>
  <controlfield tag="008">121120n| acannaabn          |n aaa     c</controlfield>
  <datafield tag="010" ind1=" " ind2=" ">
    <subfield code="a">no2012148751</subfield>
  </datafield>
  <datafield tag="035" ind1=" " ind2=" ">
    <subfield code="a">(OCoLC)oca09349938</subfield>
  </datafield>
  <datafield tag="040" ind1=" " ind2=" ">
    <subfield code="a">ItFiC</subfield>
    <subfield code="b">eng</subfield>
    <subfield code="c">ItFiC</subfield>
  </datafield>
  <datafield tag="100" ind1="1" ind2=" ">
    <subfield code="a">Fioravanti, Marco,</subfield>
    <subfield code="d">1961-</subfield>
  </datafield>
  <datafield tag="670" ind1=" " ind2=" ">
    <subfield code="a">The safeguard of cultural heritage, c2011:</subfield>
    <subfield code="b">t.p. (Marco Fioravanti) p. 21 (b. 1961, associated professor of wood science and technology at the University of Florence)</subfield>
  </datafield>
</record>